@article{kipf2017semi,
	title={Semi-Supervised Classification with Graph Convolutional Networks},
	author={Kipf, Thomas N and Welling, Max},
	journal={International Conference on Learning Representations (ICLR)},
	year={2017}
}

@inproceedings{xu2019powerful,
	title={How Powerful are Graph Neural Networks?},
	author={Xu, Keyulu and Hu, Weihua and Leskovec, Jure and Jegelka, Stefanie},
	booktitle={International Conference on Learning Representations (ICLR)},
	year={2019}
}

@inproceedings{velivckovic2018graph,
	title={Graph Attention Networks},
	author={Veličković, Petar and Cucurull, Guillem and Casanova, Arantxa and Romero, Adriana and Lio, Pietro and Bengio, Yoshua},
	booktitle={International Conference on Learning Representations (ICLR)},
	year={2018}
}

@inproceedings{hamilton2017inductive,
	title={Inductive Representation Learning on Large Graphs},
	author={Hamilton, William L and Ying, Rex and Leskovec, Jure},
	booktitle={Advances in Neural Information Processing Systems (NeurIPS)},
	year={2017}
}

@inproceedings{shervashidze2011weisfeiler,
	title={Weisfeiler-Lehman Graph Kernels},
	author={Shervashidze, Nino and Schweitzer, Pascal and Lee, Erik Jan van and Mehlhorn, Kurt and Borgwardt, Karsten M},
	booktitle={Advances in Neural Information Processing Systems},
	volume={24},
	year={2011}
}

@article{kipf2017semi,
	title={Semi-Supervised Classification with Graph Convolutional Networks},
	author={Kipf, Thomas N and Welling, Max},
	journal={International Conference on Learning Representations (ICLR)},
	year={2017}
}

@inproceedings{xu2019powerful,
	title={How Powerful are Graph Neural Networks?},
	author={Xu, Keyulu and Hu, Weihua and Leskovec, Jure and Jegelka, Stefanie},
	booktitle={International Conference on Learning Representations (ICLR)},
	year={2019}
}

@inproceedings{yanardag2015deep,
	title={Deep Graph Kernels},
	author={Yanardag, Pinar and Vishwanathan, S V N},
	booktitle={Proceedings of the 21th ACM SIGKDD International Conference on Knowledge Discovery and Data Mining},
	pages={1365--1374},
	year={2015}
}

@article{morris2020tudataset,
	title={TUDataset: A collection of benchmark datasets for learning with graphs},
	author={Morris, Christopher and Ritzert, Martin and Fey, Matthias and Hamilton, William L and Lenssen, Jan Eric and Rattan, Gaurav and Grohe, Martin},
	journal={arXiv preprint arXiv:2007.08663},
	year={2020}
}

@article{dwivedi2020benchmarking,
	title={Benchmarking Graph Neural Networks},
	author={Dwivedi, Vijay Prakash and Joshi, Chaitanya K and Laurent, Thomas and Bengio, Yoshua and Bresson, Xavier},
	journal={arXiv preprint arXiv:2003.00982},
	year={2020}
}

@misc{pic:graphsage,
	title = {GraphSAGE: Inductive Representation Learning on Large Graphs},
	author = {Jure Leskovec},
	year = {2017},
	url={https://snap.stanford.edu/graphsage/}
}
	
@misc{pic:gat,
	title = {Graph Attention Networks Under the Hood},
	author = {Giuseppe Futia},
	year = {2021},
	url={https://medium.com/data-science/graph-attention-networks-under-the-hood-3bd70dc7a87}
}

@misc{pic:gcn,
	title = {Graph Convolutional Networks},
	author = {Thomas Kipf},
	year = {2016},
	url={https://tkipf.github.io/graph-convolutional-networks/images/gcn_web.png}
}

@article{pic:gin,
	title = {Fault line selection algorithm for distribution networks based on AdapGL‐GIN network},
	author = {Lu, Tong and Hou, Sizu and Xu, Yan},
	year = {2023},
	journal = {IET Generation, Transmission & Distribution},
	doi = {10.1049/gtd2.13003}
}